00535cas a22002171a 4500
001 9917737903502836
003 Nz
005 20161223172954.0
008 040108d18681869nz  r ne      0   0 eng d
035    $a (Nz)8172535
035    $a (OCoLC)173422116
035    $a (NLNZils)1773790-ilsdb
040    $a WN $c WN
042    $a nznb
043    $a u-nz---
245 00 $a New Zealand sun.
260    $a Dunedin [N.Z.]
310    $a Daily
362 0  $a 1868 Nov.16-1869?
651  0 $a Dunedin (N.Z.) $v Newspapers.
655  7 $a New Zealand newspapers. $2 local $5 Nz
